<?xml version="1.0" encoding="UTF-8"?>
<record xmlns="http://www.loc.gov/MARC21/slim" xmlns:xsi="http://www.w3.org/2001/XMLSchema-instance" xsi:schemaLocation="http://www.loc.gov/MARC21/slim http://www.loc.gov/standards/marcxml/schema/MARC21slim.xsd">
<leader>     cam a2200313 i 4500</leader>
<controlfield tag="001">001677516</controlfield>
<controlfield tag="003">NNU</controlfield>
<controlfield tag="005">20001218200506.0</controlfield>
<controlfield tag="008">861105r19701850iq            000 0 arax</controlfield>
<datafield tag="010" ind1=" " ind2=" ">
<subfield code="a">72960552</subfield>
</datafield>
<datafield tag="035" ind1="9" ind2=" ">
<subfield code="a">NYUb12220896</subfield>
</datafield>
<datafield tag="035" ind1=" " ind2=" ">
<subfield code="a">NNSZ01313741</subfield>
</datafield>
<datafield tag="035" ind1=" " ind2=" ">
<subfield code="a">(CStRLIN)NYPG013000011-B</subfield>
</datafield>
<datafield tag="040" ind1=" " ind2=" ">
<subfield code="c">NN</subfield>
<subfield code="d">NN</subfield>
</datafield>
<datafield tag="050" ind1="0" ind2=" ">
<subfield code="a">CS2970</subfield>
<subfield code="b">.M78 1970z</subfield>
</datafield>
<datafield tag="100" ind1="0" ind2=" ">
<subfield code="a">Muḥammad ibn Ḥabīb,</subfield>
<subfield code="d">d. 860.</subfield>
</datafield>
<datafield tag="245" ind1="1" ind2="0">
<subfield code="a">Mukhtalaf al-qabāʼil wa-muʼtalafihā,</subfield>
<subfield code="c">taʼlīf Abī Jaʻfar Muḥammad ibn Ḥabīb al-Baghdādī. Iʻtaná bi-nashrih Fardīnānd Vastinfild.</subfield>
</datafield>
<datafield tag="260" ind1=" " ind2=" ">
<subfield code="a">Baghdād,</subfield>
<subfield code="b">Maktabat al-Muthanná</subfield>
<subfield code="c">[197-?]</subfield>
</datafield>
<datafield tag="300" ind1=" " ind2=" ">
<subfield code="a">52, viii p.</subfield>
<subfield code="c">22 cm.</subfield>
</datafield>
<datafield tag="500" ind1=" " ind2=" ">
<subfield code="a">In Arabic.</subfield>
</datafield>
<datafield tag="500" ind1=" " ind2=" ">
<subfield code="a">Cover title.</subfield>
</datafield>
<datafield tag="500" ind1=" " ind2=" ">
<subfield code="a">Added t.p.: Über die Gleichheit und Verschiedenheit der [a]rabischen Stämmenamen [von] Muḥammed ben Ḥabib.</subfield>
</datafield>
<datafield tag="500" ind1=" " ind2=" ">
<subfield code="a">Reproduced from ms. copy.</subfield>
</datafield>
<datafield tag="500" ind1=" " ind2=" ">
<subfield code="a">Reprint of the 1850 ed.</subfield>
</datafield>
<datafield tag="650" ind1=" " ind2="0">
<subfield code="a">Names, Personal</subfield>
<subfield code="x">Arabic.</subfield>
</datafield>
<datafield tag="700" ind1="1" ind2=" ">
<subfield code="a">Wüstenfeld, Ferdinand,</subfield>
<subfield code="d">1808-1899.</subfield>
</datafield>
<datafield tag="740" ind1="0" ind2="1">
<subfield code="a">Über die Gleichheit und Verschiedenheit der arabischen Stämmenamen.</subfield>
</datafield>
<datafield tag="OWN" ind1=" " ind2=" ">
<subfield code="a">GENERAL</subfield>
</datafield>
<datafield tag="950" ind1=" " ind2=" ">
<subfield code="l">BMAIN</subfield>
<subfield code="a">CS2970</subfield>
<subfield code="b">.M78 1970z</subfield>
</datafield>
<datafield tag="955" ind1=" " ind2=" ">
<subfield code="l">BMAIN</subfield>
<subfield code="c">1</subfield>
<subfield code="r">028218793</subfield>
</datafield>
<datafield tag="998" ind1=" " ind2=" ">
<subfield code="s">9115</subfield>
</datafield>
<datafield tag="AVA" ind1=" " ind2=" ">
<subfield code="a">NYU50</subfield>
<subfield code="b">BOBST</subfield>
<subfield code="c">Main Collection</subfield>
<subfield code="d">CS2970 .M78 1970z</subfield>
<subfield code="e">unavailable</subfield>
<subfield code="t">Unavailable</subfield>
<subfield code="f">1</subfield>
<subfield code="g">1</subfield>
<subfield code="h">N</subfield>
<subfield code="i">0</subfield>
<subfield code="j">MAIN</subfield>
<subfield code="k">0</subfield>
</datafield>
</record>
